<record><leader>00000cas a22000007a 4500</leader><controlfield tag="001">11524704</controlfield><controlfield tag="008">841222d19201921wiudn ne      0   a0eng d</controlfield><datafield ind1=" " ind2=" " tag="010"><subfield code="a">sn 84025024 </subfield></datafield><datafield ind1=" " ind2=" " tag="040"><subfield code="a">NPV</subfield><subfield code="b">eng</subfield><subfield code="c">NPV</subfield><subfield code="d">OCLCQ</subfield></datafield><datafield ind1=" " ind2=" " tag="042"><subfield code="a">msc</subfield></datafield><datafield ind1=" " ind2=" " tag="043"><subfield code="a">n-us-wi</subfield></datafield><datafield ind1=" " ind2=" " tag="045"><subfield code="a">x2x2</subfield></datafield><datafield ind1=" " ind2=" " tag="052"><subfield code="a">4123</subfield><subfield code="b">C4</subfield></datafield><datafield ind1="0" ind2="0" tag="245"><subfield code="a">Wisconsin daily press.</subfield></datafield><datafield ind1=" " ind2=" " tag="260"><subfield code="a">Chippewa Falls, Wis. :</subfield><subfield code="b">[s.n.],</subfield><subfield code="c">1920-1921.</subfield></datafield><datafield ind1=" " ind2=" " tag="300"><subfield code="a">v. :</subfield><subfield code="b">ill.</subfield></datafield><datafield ind1=" " ind2=" " tag="310"><subfield code="a">Daily (except Sunday)</subfield></datafield><datafield ind1="0" ind2=" " tag="362"><subfield code="a">Vol. 34 (Oct. 1, 1920)-v. 35 (Oct. 31, 1921).</subfield></datafield><datafield ind1=" " ind2=" " tag="752"><subfield code="a">United States</subfield><subfield code="b">Wisconsin</subfield><subfield code="c">Chippewa</subfield><subfield code="d">Chippewa Falls.</subfield></datafield><datafield ind1="0" ind2="0" tag="780"><subfield code="t">Chippewa daily press</subfield><subfield code="w">(DLC)sn 84025027</subfield></datafield><datafield ind1="0" ind2="0" tag="785"><subfield code="t">Chippewa daily gazette</subfield><subfield code="w">(DLC)sn 84025023</subfield></datafield></record>